% References are split up into sections indicated by comments to avoid
% conflicts between multiple pull requests - please ensure you insert the
% bibtex entries into the right block. If you add a new section to the paper,
% or re-organize the paper sections, please reflect it in this file.

% Introduction
% ************

@ARTICLE{reid04,
   author = {{Reid}, M.~J. and {Brunthaler}, A.},
    title = "{The Proper Motion of Sagittarius A*. II. The Mass of Sagittarius A*}",
  journal = {\apj},
   eprint = {arXiv:astro-ph/0408107},
 keywords = {Astrometry, Black Hole Physics, Galaxy: Center, Galaxy: Fundamental Parameters, Galaxy: Structure},
     year = 2004,
    month = dec,
   volume = 616,
    pages = {872-884},
      doi = {10.1086/424960},
   adsurl = {http://adsabs.harvard.edu/abs/2004ApJ...616..872R},
  adsnote = {Provided by the SAO/NASA Astrophysics Data System}
}


@ARTICLE{galcoords,
   author = {{Blaauw}, A. and {Gum}, C.~S. and {Pawsey}, J.~L. and {Westerhout}, G.
	},
    title = "{The new I. A. U. system of galactic coordinates (1958 revision)}",
  journal = {\mnras},
     year = 1960,
   volume = 121,
    pages = {123},
   adsurl = {http://adsabs.harvard.edu/abs/1960MNRAS.121..123B},
  adsnote = {Provided by the SAO/NASA Astrophysics Data System}
}


@MISC{astropysics,
   author = {{Tollerud}, E.},
    title = "{Astropysics: Astrophysics utilities for python}",
     note = {Astrophysics Source Code Library},
     year = 2012,
archivePrefix = "ascl",
   eprint = {1207.007},
    month = jul,
   adsurl = {http://adsabs.harvard.edu/abs/2012ascl.soft07007T},
  adsnote = {Provided by the SAO/NASA Astrophysics Data System}
}

@MISC{pyephem,
   author = {{Rhodes}, B.~C.},
    title = "{PyEphem: Astronomical Ephemeris for Python}",
     note = {Astrophysics Source Code Library},
     year = 2011,
archivePrefix = "ascl",
   eprint = {1112.014},
    month = dec,
   adsurl = {http://adsabs.harvard.edu/abs/2011ascl.soft12014R},
  adsnote = {Provided by the SAO/NASA Astrophysics Data System}
}



@ARTICLE{soffel03,
   author = {{Soffel}, M. and {Klioner}, S.~A. and {Petit}, G. and {Wolf}, P. and 
	{Kopeikin}, S.~M. and {Bretagnon}, P. and {Brumberg}, V.~A. and 
	{Capitaine}, N. and {Damour}, T. and {Fukushima}, T. and {Guinot}, B. and 
	{Huang}, T.-Y. and {Lindegren}, L. and {Ma}, C. and {Nordtvedt}, K. and 
	{Ries}, J.~C. and {Seidelmann}, P.~K. and {Vokrouhlick{\'y}}, D. and 
	{Will}, C.~M. and {Xu}, C.},
    title = "{The IAU 2000 Resolutions for Astrometry, Celestial Mechanics, and Metrology in the Relativistic Framework: Explanatory Supplement}",
  journal = {\aj},
   eprint = {arXiv:astro-ph/0303376},
 keywords = {Astrometry, Celestial Mechanics, Reference Systems, Time},
     year = 2003,
    month = dec,
   volume = 126,
    pages = {2687-2706},
      doi = {10.1086/378162},
   adsurl = {http://adsabs.harvard.edu/abs/2003AJ....126.2687S},
  adsnote = {Provided by the SAO/NASA Astrophysics Data System}
}


@ARTICLE{usnocircular179,
   author = {{Kaplan}, G.~H.},
    title = "{The IAU resolutions on astronomical reference systems, time scales, and earth rotation models : explanation and implementation}",
  journal = {U.S.~Naval Observatory Circulars},
   eprint = {arXiv:astro-ph/0602086},
 keywords = {REFERENCE SYSTEMS, ASTROMETRY},
     year = 2005,
   volume = 179,
   adsurl = {http://adsabs.harvard.edu/abs/2005USNOC.179.....K},
  adsnote = {Provided by the SAO/NASA Astrophysics Data System}
}


@article{jones2001scipy,
  title={SciPy: Open source scientific tools for Python},
  author={Jones, E. and Oliphant, T. and Peterson, P.},
  journal={http://www. scipy. org/},
  year={2001}
}

@article{van2011numpy,
  title={The NumPy array: a structure for efficient numerical computation},
  author={Van Der Walt, S. and Colbert, S.C. and Varoquaux, G.},
  journal={Computing in Science \& Engineering},
  volume={13},
  number={2},
  pages={22--30},
  year={2011},
  publisher={IEEE}
}

@book{oliphant2006guide,
  title={A Guide to NumPy},
  author={Oliphant, T.E.},
  volume={1},
  year={2006},
  publisher={Trelgol Publishing USA}
}

% Capabilities
% ************

% Units, Quantities, and Constants
% ================================

@manual{fits2008,
  title={Definition of the Flexible Image Transport System (FITS)},
  author={FITS Working Group},
  year={2008},
  publisher={International Astronomical Union},
  journal={http://fits.gsfc.nasa.gov/standard30/fits_standard30aa.pdf}
}

@manual{ochsenbein2000cds,
  title={Astronomical Catalogues and Tables Adopted Standards, Version 2.0},
  author={Ochsenbein, F.},
  year={2000},
  publisher={Centre de Donn\ees astronomiques de Strasbourg},
  note={http://cds.u-strasbg.fr/doc/catstd.pdf}
}

@manual{george1995ogip,
  title={Specification of Physical Units within OGIP (Office of Guest
         Investigator Programs) FITS files},
  author={George, I.M. and Angelini, L.},
  year={1995},
  publisher={NASA/Goddard Space Flight Center},
  note={http://heasarc.gsfc.nasa.gov/docs/heasarc/ofwg/docs/general/ogip_93_001/}
}

@manual{derriere2012vounit,
  title={Units in the VO, Version 1.0},
  edition={IVOA Proposed Recommendation 20 August 2012},
  author={Derriere, S. and Gray, N. and Louys, M. and McDowell, J. and
    Ochsenbein, F. and Osuna, P. and Rino, B. and Salgado, J.},
  year={2012},
  publisher={International Virtual Observatory Alliance (IVOA)},
  note={http://www.ivoa.net/Documents/VOUnits/}
}

% Time
% ====

@manual{sofa,
 author       = "IAU SOFA Board",
 title        = "IAU SOFA Software Collection",
 year         = "2010",
 edition      = "Issue 2010-12-01",
 note         = "http://www.iausofa.org"
 }
 
@INPROCEEDINGS{sofa_wallace,
   author = {{Wallace}, P.~T.},
    title = "{The IAU SOFA Initiative}",
booktitle = {Astronomical Data Analysis Software and Systems V},
     year = 1996,
   series = {Astronomical Society of the Pacific Conference Series},
   volume = 101,
   editor = {{Jacoby}, G.~H. and {Barnes}, J.},
    pages = {207},
   adsurl = {http://adsabs.harvard.edu/abs/1996ASPC..101..207W},
  adsnote = {Provided by the SAO/NASA Astrophysics Data System}
}


% Celestial Coordinates
% =====================



% Tables and Gridded data
% =======================



% File Formats
% ============

% FITS
% ----

@INPROCEEDINGS{barrett1999pyfits,
   author = {{Barrett}, P.~E. and {Bridgman}, W.~T.},
    title = "{PyFITS, a FITS Module for Python}",
booktitle = {Astronomical Data Analysis Software and Systems VIII},
     year = 1999,
   series = {Astronomical Society of the Pacific Conference Series},
   volume = 172,
    pages = {483},
   adsurl = {http://adsabs.harvard.edu/abs/1999ASPC..172..483B},
  adsnote = {Provided by the SAO/NASA Astrophysics Data System}
}

% ASCII Table Formats
% -------------------



% VO Table
% --------

@manual{ochsenbein2004votable,
  title={VOTable Format Definition, Version 1.1},
  author={Oschenbein, F. and Williams, R. and Davenhall, C. and Durand, D. and
    Fernique, P. and Giaretta, D. and Hanisch, R. and McGlynn, T. and
    Szalay, A. and Taylor, M. B. and Wicenec, A.},
  organization={International Virtual Observatory Alliance (IVOA)},
  year={2004},
  note={http://www.ivoa.net/Documents/VOTable/20040811/REC-VOTable-1.1-20040811.html}
}

@manual{ochsenbein2009votable,
  title={VOTable Format Definition, Version 1.2},
  author={Oschenbein, F. and Williams, R. and Davenhall, C. and Durand, D. and
    Fernique, P. and Giaretta, D. and Hanisch, R. and McGlynn, T. and
    Szalay, A. and Taylor, M. B. and Wicenec, A.},
  organization={International Virtual Observatory Alliance (IVOA)},
  year={2009},
  note={http://www.ivoa.net/Documents/VOTable/20091130/REC-VOTable-1.2.html}
}

% WCS
% ===

@article{greisen2002wcs,
  title={Representations of world coordinates in FITS},
  author={Greisen, E. W. and Calabretta, M. R.},
  journal={Astronomy \& Astrophysics},
  number={395},
  pages={1061--1075},
  year={2002},
  publisher={EDP Sciences},
  note={http://www.atnf.csiro.au/people/mcalabre/WCS/wcs.pdf}
}

@article{calabretta2002wcs,
  title={Representations of celestial coordinates in FITS},
  author={Calabretta, M. R. and Greisen, E. W.},
  journal={Astronomy \& Astrophysics},
  number={395},
  pages={1077--1122},
  year={2002},
  publisher={EDP Sciences},
  note={http://www.atnf.csiro.au/people/mcalabre/WCS/ccs.pdf}
}

@article{greisen2006wcs,
  title={Representations of spectral coordinates in FITS},
  author={Greisen, E. W. and Calabretta, M. R. and Valdes, F. G. and Allen, S. L.},
  journal={Astronomy \& Astrophysics},
  number={446},
  pages={747--771},
  year={2006},
  publisher={EDP Sciences},
  note={http://www.atnf.csiro.au/people/mcalabre/WCS/scs.pdf}
}

@article{calabretta2004wcs,
  title={Representations of distortions in FITS world coordinate systems},
  author={Calabretta, M. R. and Valdes, F. G. and Greisen, E. W. and Allen S. L.},
  year={2004},
  journal={Unpublished draft},
  note={http://www.atnf.csiro.au/people/mcalabre/WCS/dcs_20040422.pdf}
}

@manual{calabretta2013wcslib,
  title={WCSLIB 4.17 and PGSBOX 4.17 Documentation},
  author={Calabretta, M. R.},
  year={2013},
  note={http://www.atnf.csiro.au/people/mcalabre/WCS/wcslib/index.html}
}

% Cosmology
% =========

@ARTICLE{Hinshaw13,
   author = {{Hinshaw}, G. and {Larson}, D. and {Komatsu}, E. and {Spergel}, D.~N. and 
    {Bennett}, C.~L. and {Dunkley}, J. and {Nolta}, M.~R. and {Halpern}, M. and 
    {Hill}, R.~S. and {Odegard}, N. and {Page}, L. and {Smith}, K.~M. and 
    {Weiland}, J.~L. and {Gold}, B. and {Jarosik}, N. and {Kogut}, A. and 
    {Limon}, M. and {Meyer}, S.~S. and {Tucker}, G.~S. and {Wollack}, E. and 
    {Wright}, E.~L.},
    title = "{Nine-Year Wilkinson Microwave Anisotropy Probe (WMAP) Observations: Cosmological Parameter Results}",
  journal = {ArXiv e-prints},
archivePrefix = "arXiv",
   eprint = {1212.5226},
 primaryClass = "astro-ph.CO",
 keywords = {Astrophysics - Cosmology and Extragalactic Astrophysics},
     year = 2012,
    month = dec,
   adsurl = {http://adsabs.harvard.edu/abs/2012arXiv1212.5226H},
  adsnote = {Provided by the SAO/NASA Astrophysics Data System}
}

@ARTICLE{Hogg99,
   author = {{Hogg}, D.~W.},
    title = "{Distance measures in cosmology}",
  journal = {ArXiv Astrophysics e-prints},
   eprint = {arXiv:astro-ph/9905116},
 keywords = {Astrophysics},
     year = 1999,
    month = may,
   adsurl = {http://adsabs.harvard.edu/abs/1999astro.ph..5116H},
  adsnote = {Provided by the SAO/NASA Astrophysics Data System}
}

@ARTICLE{Komatsu09,
   author = {{Komatsu}, E. and {Dunkley}, J. and {Nolta}, M.~R. and {Bennett}, C.~L. and 
    {Gold}, B. and {Hinshaw}, G. and {Jarosik}, N. and {Larson}, D. and 
    {Limon}, M. and {Page}, L. and {Spergel}, D.~N. and {Halpern}, M. and 
    {Hill}, R.~S. and {Kogut}, A. and {Meyer}, S.~S. and {Tucker}, G.~S. and 
    {Weiland}, J.~L. and {Wollack}, E. and {Wright}, E.~L.},
    title = "{Five-Year Wilkinson Microwave Anisotropy Probe Observations: Cosmological Interpretation}",
  journal = {\apjs},
archivePrefix = "arXiv",
   eprint = {0803.0547},
 keywords = {cosmic microwave background, cosmology: observations, dark matter, early universe, instrumentation: detectors, space vehicles: instruments, telescopes},
     year = 2009,
    month = feb,
   volume = 180,
    pages = {330-376},
      doi = {10.1088/0067-0049/180/2/330},
   adsurl = {http://adsabs.harvard.edu/abs/2009ApJS..180..330K},
  adsnote = {Provided by the SAO/NASA Astrophysics Data System}
}

@ARTICLE{Komatsu11,
   author = {{Komatsu}, E. and {Smith}, K.~M. and {Dunkley}, J. and {Bennett}, C.~L. and 
    {Gold}, B. and {Hinshaw}, G. and {Jarosik}, N. and {Larson}, D. and 
    {Nolta}, M.~R. and {Page}, L. and {Spergel}, D.~N. and {Halpern}, M. and 
    {Hill}, R.~S. and {Kogut}, A. and {Limon}, M. and {Meyer}, S.~S. and 
    {Odegard}, N. and {Tucker}, G.~S. and {Weiland}, J.~L. and {Wollack}, E. and 
    {Wright}, E.~L.},
    title = "{Seven-year Wilkinson Microwave Anisotropy Probe (WMAP) Observations: Cosmological Interpretation}",
  journal = {\apjs},
archivePrefix = "arXiv",
   eprint = {1001.4538},
 primaryClass = "astro-ph.CO",
 keywords = {cosmic background radiation, cosmology: observations, dark matter, early universe, space vehicles},
     year = 2011,
    month = feb,
   volume = 192,
      eid = {18},
    pages = {18},
      doi = {10.1088/0067-0049/192/2/18},
   adsurl = {http://adsabs.harvard.edu/abs/2011ApJS..192...18K},
  adsnote = {Provided by the SAO/NASA Astrophysics Data System}
}

@ARTICLE{Linder03,
   author = {{Linder}, E.~V.},
    title = "{Exploring the Expansion History of the Universe}",
  journal = {Physical Review Letters},
   eprint = {arXiv:astro-ph/0208512},
 keywords = {Cosmology, Gravity in more than four dimensions, Kaluza-Klein theory, unified field theories; alternative theories of gravity},
     year = 2003,
    month = mar,
   volume = 90,
   number = 9,
      eid = {091301},
    pages = {091301},
      doi = {10.1103/PhysRevLett.90.091301},
   adsurl = {http://adsabs.harvard.edu/abs/2003PhRvL..90i1301L},
  adsnote = {Provided by the SAO/NASA Astrophysics Data System}
}

@ARTICLE{Wright06,
   author = {{Wright}, E.~L.},
    title = "{A Cosmology Calculator for the World Wide Web}",
  journal = {\pasp},
   eprint = {arXiv:astro-ph/0609593},
 keywords = {Cosmology: Miscellaneous, Methods: Miscellaneous},
     year = 2006,
    month = dec,
   volume = 118,
    pages = {1711-1715},
      doi = {10.1086/510102},
   adsurl = {http://adsabs.harvard.edu/abs/2006PASP..118.1711W},
  adsnote = {Provided by the SAO/NASA Astrophysics Data System}
}

% Development workflow
% ********************

@ARTICLE{cython,
    author={Behnel, S. and Bradshaw, R. and Citro, C. and Dalcin, L. and Seljebotn, D.S. and Smith, K.},
    journal={Computing in Science Engineering},
    title={Cython: The Best of Both Worlds},
    year={2011},
    month="march-april",
    volume={13},
    number={2},
    pages={31 -39},
    keywords={Cython language;Fortran code;Python language extension;numerical loops;programming language;C language;numerical analysis;},
    doi={10.1109/MCSE.2010.118},
    ISSN={1521-9615},
}

% Planned functionality
% *********************



% Summary
% *******



